<?xml version="1.0" encoding="UTF-8"?><record xmlns="http://www.loc.gov/MARC21/slim" xmlns:cinclude="http://apache.org/cocoon/include/1.0" xmlns:zs="http://www.loc.gov/zing/srw/">
  <leader>00428nz  a2200121n  4500</leader>
  <controlfield tag="001">n 2001087043</controlfield>
  <controlfield tag="003">DLC</controlfield>
  <controlfield tag="005">20010720161312.0</controlfield>
  <controlfield tag="008">010720n| acannaabn          |n aaa      </controlfield>
  <datafield tag="010" ind1=" " ind2=" ">
    <subfield code="a">n 2001087043</subfield>
  </datafield>
  <datafield tag="040" ind1=" " ind2=" ">
    <subfield code="a">DLC</subfield>
    <subfield code="b">eng</subfield>
    <subfield code="c">DLC</subfield>
  </datafield>
  <datafield tag="100" ind1="1" ind2=" ">
    <subfield code="a">Shindakova, F. M.</subfield>
  </datafield>
  <datafield tag="670" ind1=" " ind2=" ">
    <subfield code="a">Kulʹtura kak sistema mekhanizmov adaptat︠s︡ii k izmeni︠a︡i︠u︡shchimsi︠a︡ uslovii︠a︡m zhiznedei︠a︡telʹnosti, 1999:</subfield>
    <subfield code="b">t.p. verso (Shindakova F.M.)</subfield>
  </datafield>
</record>